@article{caullery2014classexchypero,
  title={On the classification of hyperovals},
  author={Caullery, Florian and Schmidt, Kai-Uwe},
  journal={arXiv preprint arXiv:1403.2880},
  year={2014}
  }

  @inbook{handbookincgeokmarcs,
  title = "Handbook of Incidence Geometry",
  pages = "120",
  author = "A. Beutelspacher"
  }

@article{zas,
    author = "Thomas Zaslavsky",
    title = "Facing up to arrangements: face-count formulas for partitions of space by hyperplanes.",
    journal = "Memoirs of the American Mathematical Society",
    volume = "1",
number = "154",
year = "1975"
}

@article{ball1997maxkmarcs,
  title={Maximal arcs in Desarguesian planes of odd order do not exist},
  author={Ball, Simeon and Blokhuis, Aart and Mazzocca, Francesco},
  journal={Combinatorica},
  volume={17},
  number={1},
  pages={31--41},
  year={1997},
  publisher={Springer}
  }
  
@article{ball2012setsI,
  title={On sets of vectors of a finite vector space in which every subset of basis size is a basis},
  author={Ball, Simeon},
  journal={J. Eur. Math. Soc},
  volume={14},
  number={3},
  pages={733--748},
  year={2012}
}

@article{ball2012setsII,
  title={On sets of vectors of a finite vector space in which every subset of basis size is a basis II},
  author={Ball, Simeon and De Beule, Jan},
  journal={Designs, Codes and Cryptography},
  volume={65},
  number={1-2},
  pages={5--14},
  year={2012},
  publisher={Springer}
}
  
@book{orlik1992arrangements,
  title={Arrangements of hyperplanes},
  author={Orlik, Peter and Terao, Hiroaki},
  volume={300},
  year={1992},
  publisher={Springer}
}
  
@MISC{knesevals,
      AUTHOR = "Richard Wilson",
      TITLE = "Algebraic Techniques in Extremal Combinatorics, Graph Theory, and Finite Geometry",
      YEAR = 2011,
      NOTE = "\url{http://www.math.caltech.edu/~2011-12/2term/ma192b/kneser-evals.pdf}"
}



%%% Local variables:
%%% mode: bibtex
%%% End:

    