@article{Fr90,
    author = {Joel Friedman},
    title = {On the road coloring problem},
    journal = {Proc. Amer. Math. Soc},
    year = {1990},
    volume = {110},
    pages = {1133--1135}
}

@article{Tr07,
  author    = {A. N. Trahtman},
  title     = {The road coloring problem},
  journal   = {CoRR},
  volume    = {abs/0709.0099},
  year      = {2007},
  ee        = {http://arxiv.org/abs/0709.0099},
  bibsource = {DBLP, http://dblp.uni-trier.de}
}
