@article{PrTanSchTy,
    author = {Sehie Parkl \& Do Hong Tan},
    title = {Remarks on the Schauder-Tychonoff
Fixed Point Theorem},
    journal = {Vietnam Journal of Mathematics},
    year = {1999},
    volume = {2},
    pages = {127-132}
}

@article{Tr07,
  author    = {A. N. Trahtman},
  title     = {The Road Coloring Problem},
  journal   = {CoRR},
  volume    = {abs/0709.0099},
  year      = {2007},
  ee        = {http://arxiv.org/abs/0709.0099},
  bibsource = {DBLP, http://dblp.uni-trier.de}
}

@MISC{wikiPerFrob,
  author      = {various},
  title        = {Perronâ€“Frobenius theorem},
  year         = {2009},
  howpublished = {Website},
  note         = {Available online at
                  "\url{http://en.wikipedia.org/wiki/Perron%E2%80%93Frobenius_theorem}"}
}

@Book{PerOrdTopVec,
  author = {Anthony L. Peressini},
  title = {Ordered Topological Vector Spaces},
  publisher = {Harper \& Row},
  year = {1967},
}

@article{MSSInterFam,
  author    = {Adam Marcus, Daniel A. Spielman, Nikhil Srivastava},
  title     = {Interlacing Families I: Bipartite Ramanujan Graphs of All Degrees},
  year      = {2013},
  ee        = {http://arxiv.org/abs/1304.4132},
}

@book{Meyer:2000:MAA:343374,
 editor = {Meyer, Carl D.},
 title = {Matrix Analysis And Applied Linear Algebra},
 year = {2000},
 isbn = {0-89871-454-0},
 publisher = {Society for Industrial and Applied Mathematics},
 address = {Philadelphia, PA, USA},
} 





